@INPROCEEDINGS{znalosti2006,
	AUTHOR = {Michal Kováč and Tomáš Kuchař and Alexander Kuzmin and Martin Ralbovský},
	TITLE = {Ferda, nové vizuální prostředí pro dobývání znalostí},
	BOOKTITLE = {Znalosti 2006, sborník příspěvků},
	PLACE = {Hradec Králové},
	DATES = {February 1--3, 2006},
	PUBLISHER = {VŠB--Technická univerzita Ostrava},
	PAGES = {118--129},
	YEAR = {2006},
	HOWPUBLISHED = {\url{http://fim.uhk.cz/znalosti/index.php?p=prispevky}},
	ISBN = {80-248-1001-8},
	LANGUAGE = {Czech}
}

@INPROCEEDINGS{GMGC,
	AUTHOR = {Jan Rauch and Milan Šimůnek},
	TITLE = {GUHA Method and Granular Computing},
	BOOKTITLE = {Proceedings of IEEE konference Granular Computing 2005},
	ADDRESS =  {Piscataway},
	PUBLISHER = {IEEE},
	PAGES = {630--635},
	YEAR = {2005},
	ISBN = {0-7803-9017-2},
	EDITOR = {Xiaohua Hu and Qing Liu and Andrzej Skowron and Tsau Young Lin and Ronald Yager and Bo Zang}
}

@MASTERSTHESIS{thesisKuchar,
	AUTHOR = {Tomáš Kuchař},
	TITLE = {Experimental GUHA Procedures},
	SCHOOL = {Faculty of Mathematics and Physics, Charles University},
	YEAR = {2006},
	LANGUAGE = {Czech}
}

@MASTERSTHESIS{thesisKuzmin,
	AUTHOR = {Alexander Kuzmin},
	TITLE = {Relational GUHA procedures},
	SCHOOL = {Faculty of Mathematics and Physics, Charles University},
	YEAR = {2006},
	LANGUAGE = {Czech}
}

@BOOK{GUHAbook,
	AUTHOR = {Petr Hájek and Tomáš Havránek},
	TITLE = {Mechanising Hypothesis Formation (Mathematical Foundations for a General Theory)},
	PUBLISHER = {Springer-Verlag},
	ISBN = {3-540-08738-9, 0-387-08738-9},
	HOWPUBLISHED = {\url{http://www.cs.cas.cz/hajek/guhabook}},
	YEAR = {1978}
}

@MANUAL{ICE,
	TITLE = {Distributed Programming with Ice},
	AUTHOR = {Michi Henning and Mark Spruiell and others},
	HOWPUBLISHED = {\url{http://www.zeroc.com/download.html#doc}}
}

@INPROCEEDINGS{RalbovskyDisjunction,
	AUTHOR = {Martin Ralbovský and Tomáš Kuchař},
	TITLE = {Using Disjunctions in Association Mining},
	BOOKTITLE = {Advances in Data Mining -- Theoretical Aspects and Applications},
	PUBLISHER = {Springer Verlag},
	PAGES = {339--351},
	YEAR = {2007},
	EDITOR = {P. Perner},
	ISBN = {978-3-540-73434-5},
	ISSN = {0302-9743}
}

@MASTERSTHESIS{thesisZeman,
	AUTHOR = {Martin Zeman},
	TITLE = {Využití ontologií pro GUHA procedury},
	SCHOOL = {Faculty of Mathematics and Physics, Charles University},
	YEAR = {2007},
	LANGUAGE = {Czech}
}

@INPROCEEDINGS{GUHAtrees,
	AUTHOR = {Martin Ralbovský and Petr Berka},
	TITLE = {Implementace GUHA rozhodovacích stromů},
	BOOKTITLE = {MIS 2008},
	YEAR = {2009}
}

@MISC{WikiVisualProgrammingLaguage,
	TITLE = {Visual programming language},
	HOWPUBLISHED = {\url{http://en.wikipedia.org/wiki/Visual\_programming\_language}}
}

@MISC{WikiLambdaCalculus,
	TITLE = {Lambda calculus},
	HOWPUBLISHED = {\url{http://en.wikipedia.org/wiki/Lambda\_calculus}}
}

@MISC{WikiDotNet,
	TITLE = {Microsoft .NET Framework},
	HOWPUBLISHED = {\url{http://en.wikipedia.org/wiki/.NET\_Framework}}
}

@MISC{WikiCSharp,
	TITLE = {C\# programming language},
	HOWPUBLISHED = {\url{http://en.wikipedia.org/wiki/C\_Sharp\_(programming\_language)}}
}

@MISC{WikiJava,
	TITLE = {Java programming language},
	HOWPUBLISHED = {\url{http://en.wikipedia.org/wiki/Java\_(programming\_language)}}
}

@MISC{WikiICE,
	TITLE = {Internet Communications Engine},
	HOWPUBLISHED = {\url{http://en.wikipedia.org/wiki/Internet\_Communications\_Engine}}
}

@MISC{WikiMono,
	TITLE = {Mono},
	HOWPUBLISHED = {\url{http://en.wikipedia.org/wiki/Mono\_(software)}}
}

@MISC{WikiFunctionalProgramming,
	TITLE = {Functional programming},
	HOWPUBLISHED = {\url{http://en.wikipedia.org/wiki/Functional\_programming}}
}

@MISC{WikiMap,
	TITLE = {Map function},
	HOWPUBLISHED = {\url{http://en.wikipedia.org/wiki/Map\_(higher-order\_function)}}
}

@MISC{LISp-Miner,
	TITLE = {LISp-Miner},
	HOWPUBLISHED = {\url{http://lispminer.vse.cz}}
}

@MISC{NAnt,
	TITLE = {NAnt},
	HOWPUBLISHED = {\url{http://nant.sourceforge.net}}
}

@MISC{NUnit,
	TITLE = {NUnit},
	HOWPUBLISHED = {\url{http://www.nunit.org}}
}

@MISC{NDoc,
	TITLE = {NDoc},
	HOWPUBLISHED = {\url{http://ndoc.sourceforge.net}}
}

@MISC{Netron,
	TITLE = {Netron Graphic Library},
	HOWPUBLISHED = {\url{http://www.orbifold.net/netron/}}
}

@MISC{DockDotNet,
	TITLE = {DockDotNet},
	HOWPUBLISHED = {\url{http://sourceforge.net/projects/dockdotnet/}}
}

@MISC{GPL2,
	TITLE = {GNU General Public License, version 2},
	HOWPUBLISHED = {\url{http://www.gnu.org/licenses/old-licenses/gpl-2.0.html}}
}

@INCOLLECTION{RalbovskyHistory,
	TITLE = {History and Future Development of the Ferda System},
	AUTHOR = {Martin Ralbovský},
	BOOKTITLE = {Mundus Symbolicus},
	YEAR = {2007},
	VOLUME = {15},
	ISSN = {1210-809X},
	PAGES = {143--147}
}

@MISC{webTIL,
	TITLE = {Transparent intensional logic},
	HOWPUBLISHED = {\url{http://til.phil.muni.cz}}
}

@MISC{webWeka,
	TITLE = {Weka: Data Mining Software in Java},
	HOWPUBLISHED = {\url{http://www.cs.waikato.ac.nz/ml/weka/}}
}

@MISC{webClementine,
	TITLE = {Clementine},
	HOWPUBLISHED = {\url{http://www.spss.com/clementine/}}
}

